<record><leader>00000cas a22000007a 4500</leader><controlfield tag="001">9842286</controlfield><controlfield tag="008">830824c18uu9999ohuwr ne      0    0eng d</controlfield><datafield ind1=" " ind2=" " tag="010"><subfield code="a">sn 83035424 </subfield></datafield><datafield ind1=" " ind2=" " tag="040"><subfield code="a">NPY</subfield><subfield code="b">eng</subfield><subfield code="c">NPY</subfield><subfield code="d">NPX</subfield><subfield code="d">NPU</subfield><subfield code="d">ONP</subfield><subfield code="d">OCLCQ</subfield></datafield><datafield ind1=" " ind2=" " tag="042"><subfield code="a">msc</subfield></datafield><datafield ind1="0" ind2=" " tag="130"><subfield code="a">Clermont sun (Batavia, Ohio : 1852)</subfield></datafield><datafield ind1="1" ind2="4" tag="245"><subfield code="a">The Clermont sun.</subfield></datafield><datafield ind1=" " ind2=" " tag="260"><subfield code="a">Batavia, Ohio :</subfield><subfield code="b">J.P. Thompson</subfield></datafield><datafield ind1=" " ind2=" " tag="300"><subfield code="a">v. :</subfield><subfield code="b">ill. ;</subfield><subfield code="c">57-61 cm.</subfield></datafield><datafield ind1=" " ind2=" " tag="310"><subfield code="a">Weekly</subfield></datafield><datafield ind1=" " ind2=" " tag="500"><subfield code="a">Publishers: Thompson &amp; Norton, &lt;1854&gt;; Dale O. Cowan &amp; Co., &lt;1873&gt;, &lt;1876&gt;.</subfield></datafield><datafield ind1=" " ind2=" " tag="500"><subfield code="a">"Democratic," &lt;1856-1876&gt;.</subfield></datafield><datafield ind1=" " ind2=" " tag="588"><subfield code="a">Description based on: Apr. 22, 1852 issue.</subfield></datafield><datafield ind1=" " ind2=" " tag="752"><subfield code="a">United States</subfield><subfield code="b">Ohio</subfield><subfield code="c">Clermont</subfield><subfield code="d">Batavia.</subfield></datafield><datafield ind1="0" ind2="0" tag="780"><subfield code="t">Ohio sun (Batavia, Ohio : 1834)</subfield><subfield code="w">(DLC)sn 83035425</subfield></datafield></record>